@article{wood2014kraken,
  title={Kraken: ultrafast metagenomic sequence classification using exact alignments},
  author={Wood, Derrick E. and Salzberg, Steven L.},
  journal={Genome Biology},
  volume={15},
  number={3},
  pages={R46},
  year={2014},
  publisher={BioMed Central}
}

@article{luo2018metagenomic,
  title={Metagenomic binning through low-density hashing},
  author={Luo, Yunan and Yu, Yun William and Zeng, Jianyang and Berger, Bonnie and Peng, Jian},
  journal={Bioinformatics},
  volume={35},
  number={2},
  pages={219--226},
  year={2018},
  publisher={Oxford University Press}
}

@article{fritz2019camisim,
  title={{CAMISIM}: {S}imulating metagenomes and microbial communities},
  author={Fritz, Adrian and Hofmann, Peter and Majda, Stephan and Dahms, Eik and Dr{\"o}ge, Johannes and Fiedler, Jessika and Lesker, Till R. and Belmann, Peter and DeMaere, Matthew Z. and Darling, Aaron E. and others},
  journal={Microbiome},
  volume={7},
  number={1},
  pages={17},
  year={2019},
  publisher={BioMed Central}
}